@online{pgdoc,
author = {Adobe Systems Inc.},
title = {PhoneGap API Documentation},
date = {2014-02-25},
url = {http://docs.phonegap.com/en/3.4.0/guide_cli_index.md.html#The Command-Line Interface},
urldate = {2014-03-20},
}
